@book{computersystems,
    author = {Bryant, Randal E. and O'Hallaron, David R.},
    title = {Computer Systems: A Programmer's Perspective},
    year = {2016},
    publisher = {Pearson Education},
    isbn = {978-0-13-409266-9},
    edition = {3rd edition}
}

@misc{sbrkmanpage,
    author = {Linux Programmer's Manual},
    title = {brk, sbrk - change data segment size},
    year = {2016},
    note = {(\texttt{man sbrk} on Linux)},
}

@misc{twoscomplement,
    author = {GibbsForEmperor-CasualMondays},
    title = {Arithmetic for Computers: Chapter III},
    publisher = {CSIT-APP},
    year = {2013},
    month = {March},
    url = {https://dncsite.wordpress.com/tag/twos-complement/},
    keywords = {two's complement},
    note = {Accessed Dec. 10, 2022}
}

@misc{x86-cli-ins,
    author = {c9x.me},
    title = {x86 Instruction Set Reference: IN},
    url = {https://c9x.me/x86/html/file_module_x86_id_139.html},
    note = {Accessed Dec. 10, 2022}
}

@misc{attacklab-pdf,
    author = {Willard Rafnsson},
    title = {Attack Lab: Understanding Buffer Overflow Bugs},
    url = {https://github.itu.dk/pages/OSC/22-Website/labs/attacklab.pdf},
    note = {Accessed Nov. 27, 2022}
}

@misc{x86-control-flow,
    author = {Quentin Carbonneaux},
    title = {x86 Assembly Guide},
    url = {https://flint.cs.yale.edu/cs421/papers/x86-asm/asm.html},
    note = {Section: \textit{Control Flow Instructions}. Accessed Dec. 10, 2022}
}
